@Article{tidytext,
    title = {tidytext: Text Mining and Analysis Using Tidy Data Principles in R},
    author = {Julia Silge and David Robinson},
    doi = {10.21105/joss.00037},
    url = {http://dx.doi.org/10.21105/joss.00037},
    year = {2016},
    publisher = {The Open Journal},
    volume = {1},
    number = {3},
    journal = {JOSS},
  }

@article{journal,
author = {Chae, David H. and Clouston, Sean and Hatzenbuehler, Mark L. and Kramer, Michael R. and Cooper, Hannah L. F. and Wilson, Sacoby M. and Stephens-Davidowitz, Seth I. and Gold, Robert S. and Link, Bruce G.},
doi = {10.1371/journal.pone.0122963},
editor = {Zeeb, Hajo},
issn = {1932-6203},
journal = {PLOS ONE},
keywords = {Cancers and neoplasms,Cardiovascular diseases,Death rates,Geographic areas,Internet,Psychological attitudes,Racial discrimination,Socioeconomic aspects of health},
mendeley-groups = {data{\_}visualization},
month = {apr},
number = {4},
pages = {e0122963},
publisher = {Public Library of Science},
title = {{Association between an Internet-Based Measure of Area Racism and Black Mortality}},
url = {https://dx.plos.org/10.1371/journal.pone.0122963},
volume = {10},
year = {2015}
}

  @Article{tidyverse,
    title = {Welcome to the {tidyverse}},
    author = {Hadley Wickham and Mara Averick and Jennifer Bryan and Winston Chang and Lucy D'Agostino McGowan and Romain François and Garrett Grolemund and Alex Hayes and Lionel Henry and Jim Hester and Max Kuhn and Thomas Lin Pedersen and Evan Miller and Stephan Milton Bache and Kirill Müller and Jeroen Ooms and David Robinson and Dana Paige Seidel and Vitalie Spinu and Kohske Takahashi and Davis Vaughan and Claus Wilke and Kara Woo and Hiroaki Yutani},
    year = {2019},
    journal = {Journal of Open Source Software},
    volume = {4},
    number = {43},
    pages = {1686},
    doi = {10.21105/joss.01686},
}

@Article{lubridate,
    title = {Dates and Times Made Easy with {lubridate}},
    author = {Garrett Grolemund and Hadley Wickham},
    journal = {Journal of Statistical Software},
    year = {2011},
    volume = {40},
    number = {3},
    pages = {1--25},
    url = {http://www.jstatsoft.org/v40/i03/},
  }

@Manual{dplyr,
    title = {dplyr: A Grammar of Data Manipulation},
    author = {Hadley Wickham and Romain François and Lionel Henry and Kirill Müller},
    year = {2020},
    note = {R package version 1.0.1},
    url = {https://CRAN.R-project.org/package=dplyr},
  }

@misc{count,
author = {{City of Melbourne}},
title = {{Pedestrian Counting System - Past Hour (counts per minute) | Open Data | Socrata}},
url = {https://data.melbourne.vic.gov.au/Transport/Pedestrian-Counting-System-Past-Hour-counts-per-mi/d6mv-s43h},
urldate = {2020-08-17}
}

@misc{sensor,
author = {{City of Melbourne}},
title = {{Pedestrian Counting System - Sensor Locations | Open Data | Socrata}},
url = {https://data.melbourne.vic.gov.au/Transport/Pedestrian-Counting-System-Sensor-Locations/h57g-5234},
urldate = {2020-08-17}
}
